@article{blumApproximationTheoryFeedforward1991,
  title = {Approximation Theory and Feedforward Networks},
  author = {Blum, Edward K. and Li, Leong Kwan},
  date = {1991-01},
  journaltitle = {Neural Networks},
  volume = {4},
  pages = {511--515},
  issn = {08936080},
  doi = {10.1016/0893-6080(91)90047-9},
  url = {https://linkinghub.elsevier.com/retrieve/pii/0893608091900479},
  urldate = {2020-01-21},
  file = {/home/edo/Zotero/storage/VJYQYZYJ/Blum and Li - 1991 - Approximation theory and feedforward networks.pdf},
  langid = {english},
  number = {4}
}

@article{gibsonDecisionRegionsMultilayer1990,
  title = {On the Decision Regions of Multilayer Perceptrons},
  author = {Gibson, G.J. and Cowan, C.F.N.},
  year = {1990},
  journaltitle = {Proceedings of the IEEE},
  volume = {78},
  pages = {1590--1594},
  issn = {00189219},
  doi = {10.1109/5.58343},
  url = {http://ieeexplore.ieee.org/document/58343/},
  urldate = {2020-01-21},
  file = {/home/edo/Zotero/storage/8YHZEGNY/Gibson and Cowan - 1990 - On the decision regions of multilayer perceptrons.pdf;/home/edo/Zotero/storage/KRFBWCZR/blum1991.pdf},
  number = {10}
}
